<?xml version="1.0" encoding="UTF-8"?><collection xmlns="http://www.loc.gov/MARC21/slim"><record><leader>00465nam--2200145-i-4500</leader><controlfield tag="001">000027059</controlfield><controlfield tag="002">20161230</controlfield><controlfield tag="005">20161230201036</controlfield><controlfield tag="008">060222s1000------------r-----000-0-eng-d</controlfield><datafield ind1=" " ind2=" " tag="080"><subfield code="a">551.594</subfield></datafield><datafield ind1=" " ind2=" " tag="100"><subfield code="a">Israel, H</subfield></datafield><datafield ind1=" " ind2=" " tag="245"><subfield code="a">Atmospherische elektrizitat.teil ii : felder,ladungen,strome z.t. unter mitarbeit von h.dolozalak</subfield></datafield><datafield ind1=" " ind2=" " tag="260"><subfield code="a">Leipzig,Akademische Verlagsgesellschaft, 1961. 502p.+218 Abbildunge</subfield></datafield><datafield ind1=" " ind2=" " tag="490"><subfield code="a">Probleme Der Komischen Physik</subfield></datafield><datafield ind1=" " ind2=" " tag="852"><subfield code="a">47690</subfield></datafield></record></collection>